@book{Chen2014,
  title={Linear System Theory and Design},
  author={Chen, Chi-Tsong},
  isbn={9780199964543},
  year={2014},
  publisher={Oxford University Press, Incorporated}
}

@unpublished{HeliLabAssignment,
    title={Helicopter Lab Assignment},
    author={Department of Engineering Cybernetics},
    year={2015}
}

@online{youtube,
    title = {Control Bootcamp: Controllability and the PBH Test},
    date = {28.01.2017},
    organization = {Youtube},
    author = {Steve Brunton},
    url = {https://youtu.be/0XJHgLrcPeA}
}